@article{watson53,
  author          = {Adel, Sedra}, 
  journal         = {OXFORD University Press},
  title           = {Circuitos Microelectrónicos},
  volume          = {4},
  year            = {2002} 
}

@article{panayotis,
  author          = {Panayotis, Tremante}, 
  journal         = {Universidad Central de Venezuela},
  title           = {Método resistencia patrón},
  volume          = {1},
  year            = {2024}
}

@article{gustavo,
  author          = {Gustavo, Ruíz}, 
  journal         = {Universidad de Cantabria},
  title           = {Electrónica Básica para ingenieros},
  volume          = {1},
  year            = {2020} 
}
