@article{watson53,
  author          = {Adel, Sedra}, 
  journal         = {OXFORD University Press},
  title           = {Circuitos Microelectr√≥nicos},
  volume          = {4},
  year            = {2002}
}